@online{v354,
  title = {Versuch 351: Fourier-Analyse und Synthese},
  urldate = "2018-01-21",
  url ="http://129.217.224.2/HOMEPAGE/PHYSIKER/BACHELOR/AP/SKRIPT/V351.pdf"
}
